<record><leader>00000cas a2200000 a 4500</leader><controlfield tag="001">12770669</controlfield><controlfield tag="008">851107d18941895ksuwr ne      0    0eng d</controlfield><datafield ind1=" " ind2=" " tag="010"><subfield code="a">sn 85067043 </subfield></datafield><datafield ind1=" " ind2=" " tag="040"><subfield code="a">KSH</subfield><subfield code="b">eng</subfield><subfield code="c">KSH</subfield><subfield code="d">NPT</subfield><subfield code="d">NPX</subfield><subfield code="d">OCL</subfield><subfield code="d">OCLCQ</subfield></datafield><datafield ind1=" " ind2=" " tag="042"><subfield code="a">msc</subfield></datafield><datafield ind1="0" ind2=" " tag="130"><subfield code="a">Kansas breeze (Topeka, Kan.)</subfield></datafield><datafield ind1="1" ind2="4" tag="245"><subfield code="a">The Kansas breeze.</subfield></datafield><datafield ind1=" " ind2=" " tag="260"><subfield code="a">Topeka, Kan. :</subfield><subfield code="b">T.A. McNeal,</subfield><subfield code="c">1894-1895.</subfield></datafield><datafield ind1=" " ind2=" " tag="300"><subfield code="a">2 v. :</subfield><subfield code="b">ill. ;</subfield><subfield code="c">38 cm.</subfield></datafield><datafield ind1=" " ind2=" " tag="310"><subfield code="a">Weekly</subfield></datafield><datafield ind1="0" ind2=" " tag="362"><subfield code="a">Vol. 1, no. 1 (Apr. 13, 1894)-v. 2, no. 22 (Sept. 6, 1895).</subfield></datafield><datafield ind1=" " ind2=" " tag="500"><subfield code="a">Publishers: McNeal &amp; Higgins, May 18-Nov. 9, 1894; Kansas Breeze Co., T.A. McNeal &amp; F.C. Montgomery, Nov. 16, 1894-Sept. 6, 1895.</subfield></datafield><datafield ind1=" " ind2=" " tag="752"><subfield code="a">United States</subfield><subfield code="b">Kansas</subfield><subfield code="c">Shawnee</subfield><subfield code="d">Topeka.</subfield></datafield><datafield ind1="0" ind2="7" tag="785"><subfield code="t">Topeka mail (Topeka, Kan. : 1888)</subfield><subfield code="w">(DLC)sn 82016421</subfield></datafield><datafield ind1="0" ind2="7" tag="785"><subfield code="t">Topeka mail and Kansas breeze</subfield><subfield code="w">(DLC)sn 85067044</subfield></datafield><datafield ind1="1" ind2=" " tag="029"><subfield code="a">AU@</subfield><subfield code="b">000022170733</subfield></datafield></record>